@article{industry4.0,
  Author = {Tärneberg, William and Hamsis, Omar and Hedlund, John and Brunnström, Kjell and Fitzgerald, Emma and Johnsson, Andreas and Berggren, Viktor and Kihl, Maria and Rao, Akhila and Steinert, Rebecca and Kilinc, Caner},
  Booktitle = {2020 International Conference on Software, Telecommunications and Computer Networks (SoftCOM)}, 
  Title = {Towards Intelligent Industry 4.0 5G Networks: A First Throughput and QoE Measurement Campaign}, 
  Year = {2020}}

@article{eos-maritime,
  Author = {Grote, Benjamin and Granholm, Leo},
  Title = {Evaluating the effect of livestreamed video from accident sites in maritime SAR using UAV}, 
  Year = {2022}}

@misc{ssrs,
  title = {Swedish Sea Rescue Society, Information in English},
  howpublished = {\url{https://www.sjoraddning.se/information-english}},
  note = {Accessed: 2023-02-01}
}

@misc{ardupilot-github,
  title = {ArduPilot GitHub, ArduPilot},
  howpublished = {\url{https://github.com/ArduPilot/ardupilot}},
  note = {Accessed: 2023-02-13}
}

@misc{ardupilot-org,
  title = {ArduPilot Org, ArduPilot},
  howpublished = {\url{https://ardupilot.org/}},
  note = {Accessed: 2023-02-13}
}

@misc{mavlink,
  title = {MAVLink},
  howpublished = {\url{https://mavlink.io/en/}},
  note = {Accessed: 2023-02-13}
}
@misc{mavproxy,
  title = {MAVProxy},
  howpublished = {\url{https://ardupilot.org/mavproxy/}},
  note = {Accessed: 2023-03-28}
}

@misc{pymavlink,
  title = {pymavlink, GitHub},
  howpublished = {\url{https://github.com/ArduPilot/pymavlink}},
  note = {Accessed: 2023-02-13}
}

@misc{uv4l,
  title = {UV4L, Linux Projects},
  howpublished = {\url{https://www.linux-projects.org/uv4l/}},
  note = {Accessed: 2023-03-10}
}

@misc{Janus,
  title = {Janus, Meetecho},
  howpublished = {\url{https://janus.conf.meetecho.com/}},
  note = {Accessed: 2023-03-10}
}

@misc{pi-camera,
  title = {Raspberry Pi Camera Module V2, Raspberry Pi Foundation},
  howpublished = {\url{https://www.raspberrypi.com/products/camera-module-v2/}},
  note = {Accessed: 2023-05-02}
}

@misc{ssrs-statues,
  title = {Swedish Sea Rescue Society, Statues},
  howpublished = {\url{https://www.sjoraddning.se/sites/default/files/stadgar_ssrs_antagna_2018.pdf}},
  note = {Accessed: 2023-02-03}
}

@misc{surtsey-innovation,
  title = {Surtsey Innovation Projects},
  howpublished = {\url{http://www.surtsey.org/}},
  note = {Accessed: 2023-02-03}
}

@article{latency-impact,
  title = {Latency impact on Quality of Experience in a virtual reality simulator for remote control of machines},
  journal = {Signal Processing: Image Communication},
  volume = {89},
  pages = {116005},
  year = {2020},
  issn = {0923-5965},
  doi = {https://doi.org/10.1016/j.image.2020.116005},
  url = {https://www.sciencedirect.com/science/article/pii/S0923596520301648},
  author = {Kjell Brunnström and Elijs Dima and Tahir Qureshi and Mathias Johanson and Mattias Andersson and Mårten Sjöström}
}

@misc{,
  title = {},
  howpublished = {\url{}},
  note = {Accessed: 2023-02-03}
}

@misc{qoe-definition,
  TITLE = {{Qualinet White Paper on Definitions of Quality of Experience}},
  AUTHOR = {Brunnstr{\"o}m, Kjell and Beker, Sergio Ariel and de Moor, Katrien and Dooms, Ann and Egger, Sebastian and Garcia, Marie-Neige and Hossfeld, Tobias and Jumisko-Pyykk{\"o}, Satu and Keimel, Christian and Larabi, Mohamed-Chaker and Lawlor, Bob and Le Callet, Patrick and M{\"o}ller, Sebastian and Pereira, Fernando and Pereira, Manuela and Perkis, Andrew and Pibernik, Jesenka and Pinheiro, Antonio and Raake, Alexander and Reichl, Peter and Reiter, Ulrich and Schatz, Raimund and Schelkens, Peter and Skorin-Kapov, Lea and Strohmeier, Dominik and Timmerer, Christian and Varela, Martin and Wechsung, Ina and You, Junyong and Zgank, Andrej},
  URL = {https://hal.science/hal-00977812},
  NOTE = {Qualinet White Paper on Definitions of Quality of Experience Output from the fifth Qualinet meeting, Novi Sad, March 12, 2013},
  YEAR = {2013},
  MONTH = Mar,
  PDF = {https://hal.science/hal-00977812/file/QoE_whitepaper_v1.2.pdf},
  HAL_ID = {hal-00977812},
  HAL_VERSION = {v1},
}